<record><leader>00000cas a2200000 a 4500</leader><controlfield tag="001">53453190</controlfield><controlfield tag="008">031118d19641968iluer ne      0   a0eng c</controlfield><datafield ind1=" " ind2=" " tag="010"><subfield code="a">sn2003061950</subfield></datafield><datafield ind1=" " ind2=" " tag="040"><subfield code="a">NVF</subfield><subfield code="b">eng</subfield><subfield code="c">NVF</subfield><subfield code="d">NVF</subfield><subfield code="d">OCLCQ</subfield><subfield code="d">NVF</subfield><subfield code="d">OCLCO</subfield><subfield code="d">NVF</subfield></datafield><datafield ind1=" " ind2=" " tag="042"><subfield code="a">pcc</subfield></datafield><datafield ind1=" " ind2=" " tag="043"><subfield code="a">n-us-il</subfield></datafield><datafield ind1="0" ind2="0" tag="245"><subfield code="a">Arsenal target.</subfield></datafield><datafield ind1=" " ind2=" " tag="260"><subfield code="a">Rock Island Arsenal, Ill. :</subfield><subfield code="b">Bawden Bros.,</subfield><subfield code="c">1964-1968.</subfield></datafield><datafield ind1="3" ind2=" " tag="260"><subfield code="3">Feb. 28, 1964-May 17, 1968</subfield><subfield code="a">Rock Island Arsenal, Ill. :</subfield><subfield code="b">The Herald</subfield></datafield><datafield ind1=" " ind2=" " tag="300"><subfield code="a">v.</subfield></datafield><datafield ind1=" " ind2=" " tag="310"><subfield code="a">Biweekly,</subfield><subfield code="b">Feb. 14, 1964-May 17, 1968</subfield></datafield><datafield ind1=" " ind2=" " tag="321"><subfield code="a">Monthly,</subfield><subfield code="b">Jan. 16, 1964</subfield></datafield><datafield ind1="0" ind2=" " tag="362"><subfield code="a">Vol. 1, no. 2 (Jan. 16, 1964)-v. 5, no. 10 (May 17, 1968).</subfield></datafield><datafield ind1=" " ind2=" " tag="515"><subfield code="a">Preceded by a "You Name It" issue dated Dec. 13, 1963.</subfield></datafield><datafield ind1=" " ind2=" " tag="515"><subfield code="a">Issue for Sept. 11, 1964 erroneously designated as Sept. 11, 1965.</subfield></datafield><datafield ind1=" " ind2=" " tag="530"><subfield code="a">Preservation microfilmed by the University of Illinois at Urbana-Champaign Library as part of the United States Newspaper Program; the years 1963-1968 (on 2 microfilm reels) are available for purchase from OCLC Preservation Service Centers.</subfield></datafield><datafield ind1="2" ind2="0" tag="610"><subfield code="a">Rock Island Arsenal (Ill.)</subfield><subfield code="v">Newspapers.</subfield></datafield><datafield ind1=" " ind2="0" tag="650"><subfield code="a">Arsenals</subfield><subfield code="z">Illinois</subfield><subfield code="z">Rock Island</subfield><subfield code="v">Newspapers.</subfield></datafield><datafield ind1=" " ind2="0" tag="651"><subfield code="a">Rock Island Arsenal (Ill.)</subfield><subfield code="v">Newspapers.</subfield></datafield><datafield ind1=" " ind2="0" tag="651"><subfield code="a">Rock Island (Ill.)</subfield><subfield code="v">Newspapers.</subfield></datafield><datafield ind1=" " ind2=" " tag="752"><subfield code="a">United States</subfield><subfield code="b">Illinois</subfield><subfield code="c">Rock Island</subfield><subfield code="d">Rock Island Arsenal.</subfield></datafield><datafield ind1="0" ind2="0" tag="785"><subfield code="t">Target (Rock Island, Ill.)</subfield><subfield code="w">(DLC)sn 98061189</subfield><subfield code="w">(OCoLC)13656107</subfield></datafield><datafield ind1="1" ind2=" " tag="029"><subfield code="a">AU@</subfield><subfield code="b">000025135092</subfield></datafield></record>